@inproceedings{ref1,
  author    = {Wing Ning Li and Ravi Kiran},
  title     = {An Object-Oriented Design and Implementation of Reusable Graph Objects with {C++}: A Case Study},
  booktitle = {Proceedings of the 1996 ACM Symposium on Applied Computing (SAC '96)},
  year      = {1996},
  doi       = {10.1145/331119.331433},
  publisher = {ACM}
}


@incollection{ref2,
  author    = {George Balatsouras and Yannis Smaragdakis},
  title     = {Structure-Sensitive Points-To Analysis for {C} and {C++}},
  booktitle = {Static Analysis (SAS 2016)},
  editor    = {Nicolas Halbwachs and Lenore D. Zuck},
  series    = {Lecture Notes in Computer Science},
  volume    = {9837},
  pages     = {84--104},
  publisher = {Springer},
  year      = {2016},
  doi       = {10.1007/978-3-662-53413-7_5}
}

@book{ref3,
  author    = {Jeremy G. Siek and Lie-Quan Lee and Andrew Lumsdaine},
  title     = {The Boost Graph Library: User Guide and Reference Manual},
  edition   = {1st},
  publisher = {Addison-Wesley Professional},
  year      = {2001},
  month     = {dec},
  pages     = {352},
  isbn10    = {0-13-265183-1},
  isbn13    = {978-0-13-265183-7},
  note      = {eBook edition},
}


@online{ref4,
  author  = {Avery Devereaux},
  title   = {Is C Still Worth Picking Up for Learning in 2025?},
  year    = {2024},
  month   = dec,
  day     = {15},
  url     = {https://havokjournal.com/internet-technology/is-c-still-worth-picking-up-for-learning-in-2025/},
  organization = {Havok Journal},
  urldate = {2025-08-27}
}

@book{ref5,
  author       = {Weiss, Mark Allen},
  title        = {Data Structures and Algorithm Analysis in {\textsc{C++}}},
  edition      = {4th},
  publisher    = {Pearson Education, Inc.},
  address      = {Upper Saddle River, NJ},
  year         = {2014},
  isbn         = {978-0-13-284737-7},
  url          = {https://www.uoitc.edu.iq/images/documents/informatics-institute/Competitive_exam/DataStructures.pdf},
  note         = {Accessed: 2025-08-27}
}

@online{boost-adjacency-list,
  author  = {{Boost Graph Library}},
  title   = {Adjacency List},
  year    = {2025},
  url     = {https://www.boost.org/doc/libs/master/libs/graph/doc/adjacency_list.html},
  note    = {Acesso em: 07 set. 2025},
  urldate = {2025-09-07}
}
